@article{journals/ipl/MalpaniC02,
  added-at = {2003-11-20T00:00:00.000+0100},
  author = {Malpani, Navneet and Chen, Jianer},
  biburl = {http://www.bibsonomy.org/bibtex/26b21e47d32cac78e21a23b844b8508ab/dblp},
  date = {2003-11-20},
  description = {dblp},
  ee = {http://dx.doi.org/10.1016/S0020-0190(01)00323-4},
  interhash = {606c90b6687db4863bdce9ca13894dda},
  intrahash = {6b21e47d32cac78e21a23b844b8508ab},
  journal = {Inf. Process. Lett.},
  keywords = {dblp},
  number = 3,
  pages = {175-180},
  timestamp = {2003-11-20T00:00:00.000+0100},
  title = {A note on practical construction of maximum bandwidth paths.},
  url = {http://dblp.uni-trier.de/db/journals/ipl/ipl83.html#MalpaniC02},
  volume = 83,
  year = 2002
}

@misc{wpp_wikipedia,
    title={Widest path problem. http://en.wikipedia.org/wiki/Widest\_path\_problem},
	url = {http://en.wikipedia.org/wiki/Widest\_path\_problem}
}